%YAML 1.1
%TAG !u! tag:unity3d.com,2011:
--- !u!1 &123964
GameObject:
  m_ObjectHideFlags: 0
  m_PrefabParentObject: {fileID: 0}
  m_PrefabInternal: {fileID: 100100000}
  serializedVersion: 4
  m_Component:
  - 4: {fileID: 490634}
  - 65: {fileID: 6594758}
  - 114: {fileID: 11451316}
  - 114: {fileID: 11428832}
  m_Layer: 10
  m_Name: speedDownCollider
  m_TagString: Untagged
  m_Icon: {fileID: 0}
  m_NavMeshLayer: 0
  m_StaticEditorFlags: 0
  m_IsActive: 1
--- !u!1 &130540
GameObject:
  m_ObjectHideFlags: 0
  m_PrefabParentObject: {fileID: 0}
  m_PrefabInternal: {fileID: 100100000}
  serializedVersion: 4
  m_Component:
  - 4: {fileID: 450406}
  - 65: {fileID: 6547716}
  - 114: {fileID: 11405084}
  m_Layer: 10
  m_Name: torqueDownCollider
  m_TagString: Untagged
  m_Icon: {fileID: 0}
  m_NavMeshLayer: 0
  m_StaticEditorFlags: 0
  m_IsActive: 0
--- !u!1 &136552
GameObject:
  m_ObjectHideFlags: 0
  m_PrefabParentObject: {fileID: 0}
  m_PrefabInternal: {fileID: 100100000}
  serializedVersion: 4
  m_Component:
  - 4: {fileID: 453474}
  - 65: {fileID: 6528930}
  - 114: {fileID: 11403532}
  m_Layer: 13
  m_Name: AiBrakeTrigger (1)
  m_TagString: Untagged
  m_Icon: {fileID: 419385456094870383, guid: 0000000000000000d000000000000000, type: 0}
  m_NavMeshLayer: 0
  m_StaticEditorFlags: 0
  m_IsActive: 1
--- !u!1 &138228
GameObject:
  m_ObjectHideFlags: 0
  m_PrefabParentObject: {fileID: 0}
  m_PrefabInternal: {fileID: 100100000}
  serializedVersion: 4
  m_Component:
  - 4: {fileID: 428778}
  - 65: {fileID: 6575224}
  - 114: {fileID: 11440970}
  m_Layer: 10
  m_Name: speedUpCollider
  m_TagString: Untagged
  m_Icon: {fileID: 0}
  m_NavMeshLayer: 0
  m_StaticEditorFlags: 0
  m_IsActive: 0
--- !u!1 &152778
GameObject:
  m_ObjectHideFlags: 0
  m_PrefabParentObject: {fileID: 0}
  m_PrefabInternal: {fileID: 100100000}
  serializedVersion: 4
  m_Component:
  - 4: {fileID: 437132}
  - 65: {fileID: 6593164}
  - 114: {fileID: 11488508}
  - 114: {fileID: 11416720}
  m_Layer: 10
  m_Name: speedDownColliderForStopSign
  m_TagString: Untagged
  m_Icon: {fileID: 0}
  m_NavMeshLayer: 0
  m_StaticEditorFlags: 0
  m_IsActive: 1
--- !u!1 &154708
GameObject:
  m_ObjectHideFlags: 0
  m_PrefabParentObject: {fileID: 0}
  m_PrefabInternal: {fileID: 100100000}
  serializedVersion: 4
  m_Component:
  - 4: {fileID: 466552}
  - 65: {fileID: 6571310}
  - 114: {fileID: 11449824}
  - 114: {fileID: 11426158}
  m_Layer: 10
  m_Name: resetSpeedCollider
  m_TagString: Untagged
  m_Icon: {fileID: 0}
  m_NavMeshLayer: 0
  m_StaticEditorFlags: 0
  m_IsActive: 0
--- !u!1 &161638
GameObject:
  m_ObjectHideFlags: 0
  m_PrefabParentObject: {fileID: 0}
  m_PrefabInternal: {fileID: 100100000}
  serializedVersion: 4
  m_Component:
  - 4: {fileID: 403974}
  - 65: {fileID: 6570508}
  - 114: {fileID: 11472654}
  - 114: {fileID: 11474856}
  m_Layer: 10
  m_Name: speedUpColliderForStopSign
  m_TagString: Untagged
  m_Icon: {fileID: 0}
  m_NavMeshLayer: 0
  m_StaticEditorFlags: 0
  m_IsActive: 1
--- !u!1 &164826
GameObject:
  m_ObjectHideFlags: 0
  m_PrefabParentObject: {fileID: 0}
  m_PrefabInternal: {fileID: 100100000}
  serializedVersion: 4
  m_Component:
  - 4: {fileID: 447128}
  - 65: {fileID: 6541262}
  - 114: {fileID: 11420478}
  - 114: {fileID: 11421392}
  m_Layer: 10
  m_Name: speedDownColliderForStopSign
  m_TagString: Untagged
  m_Icon: {fileID: 3936346786652291628, guid: 0000000000000000d000000000000000, type: 0}
  m_NavMeshLayer: 0
  m_StaticEditorFlags: 0
  m_IsActive: 1
--- !u!1 &169878
GameObject:
  m_ObjectHideFlags: 0
  m_PrefabParentObject: {fileID: 0}
  m_PrefabInternal: {fileID: 100100000}
  serializedVersion: 4
  m_Component:
  - 4: {fileID: 495712}
  - 65: {fileID: 6548960}
  - 114: {fileID: 11495340}
  - 114: {fileID: 11422600}
  m_Layer: 10
  m_Name: speedUpColliderForStopSign
  m_TagString: Untagged
  m_Icon: {fileID: 3936346786652291628, guid: 0000000000000000d000000000000000, type: 0}
  m_NavMeshLayer: 0
  m_StaticEditorFlags: 0
  m_IsActive: 1
--- !u!1 &172598
GameObject:
  m_ObjectHideFlags: 0
  m_PrefabParentObject: {fileID: 0}
  m_PrefabInternal: {fileID: 100100000}
  serializedVersion: 4
  m_Component:
  - 4: {fileID: 457274}
  - 65: {fileID: 6580670}
  - 114: {fileID: 11414856}
  m_Layer: 10
  m_Name: torqueUpCollider
  m_TagString: Untagged
  m_Icon: {fileID: 0}
  m_NavMeshLayer: 0
  m_StaticEditorFlags: 0
  m_IsActive: 0
--- !u!1 &178318
GameObject:
  m_ObjectHideFlags: 0
  m_PrefabParentObject: {fileID: 0}
  m_PrefabInternal: {fileID: 100100000}
  serializedVersion: 4
  m_Component:
  - 4: {fileID: 402120}
  - 65: {fileID: 6577340}
  - 114: {fileID: 11488330}
  m_Layer: 13
  m_Name: SendEnemyToGoodbyeLand
  m_TagString: Untagged
  m_Icon: {fileID: 7250588514170254948, guid: 0000000000000000d000000000000000, type: 0}
  m_NavMeshLayer: 0
  m_StaticEditorFlags: 0
  m_IsActive: 1
--- !u!1 &192484
GameObject:
  m_ObjectHideFlags: 1
  m_PrefabParentObject: {fileID: 0}
  m_PrefabInternal: {fileID: 100100000}
  serializedVersion: 4
  m_Component:
  - 4: {fileID: 433698}
  m_Layer: 13
  m_Name: goodbyeLand
  m_TagString: Untagged
  m_Icon: {fileID: 0}
  m_NavMeshLayer: 0
  m_StaticEditorFlags: 0
  m_IsActive: 1
--- !u!1 &197712
GameObject:
  m_ObjectHideFlags: 0
  m_PrefabParentObject: {fileID: 0}
  m_PrefabInternal: {fileID: 100100000}
  serializedVersion: 4
  m_Component:
  - 4: {fileID: 420562}
  m_Layer: 10
  m_Name: SpeedTriggers
  m_TagString: Untagged
  m_Icon: {fileID: 0}
  m_NavMeshLayer: 0
  m_StaticEditorFlags: 0
  m_IsActive: 1
--- !u!4 &402120
Transform:
  m_ObjectHideFlags: 1
  m_PrefabParentObject: {fileID: 0}
  m_PrefabInternal: {fileID: 100100000}
  m_GameObject: {fileID: 178318}
  m_LocalRotation: {x: 0, y: 0.109550305, z: 0, w: 0.9939813}
  m_LocalPosition: {x: 216.93, y: 0, z: 59.01}
  m_LocalScale: {x: 1, y: 1, z: 1}
  m_Children:
  - {fileID: 433698}
  m_Father: {fileID: 420562}
  m_RootOrder: 6
--- !u!4 &403974
Transform:
  m_ObjectHideFlags: 1
  m_PrefabParentObject: {fileID: 0}
  m_PrefabInternal: {fileID: 100100000}
  m_GameObject: {fileID: 161638}
  m_LocalRotation: {x: 0, y: 0.15338403, z: 0, w: 0.9881667}
  m_LocalPosition: {x: 220.7, y: 0, z: 59.4}
  m_LocalScale: {x: 1, y: 1, z: 1}
  m_Children: []
  m_Father: {fileID: 420562}
  m_RootOrder: 10
--- !u!4 &420562
Transform:
  m_ObjectHideFlags: 1
  m_PrefabParentObject: {fileID: 0}
  m_PrefabInternal: {fileID: 100100000}
  m_GameObject: {fileID: 197712}
  m_LocalRotation: {x: 0, y: 0, z: 0, w: 1}
  m_LocalPosition: {x: 0, y: 0, z: 0}
  m_LocalScale: {x: 1, y: 1, z: 1}
  m_Children:
  - {fileID: 428778}
  - {fileID: 490634}
  - {fileID: 466552}
  - {fileID: 457274}
  - {fileID: 450406}
  - {fileID: 453474}
  - {fileID: 402120}
  - {fileID: 437132}
  - {fileID: 495712}
  - {fileID: 447128}
  - {fileID: 403974}
  m_Father: {fileID: 0}
  m_RootOrder: 0
--- !u!4 &428778
Transform:
  m_ObjectHideFlags: 1
  m_PrefabParentObject: {fileID: 0}
  m_PrefabInternal: {fileID: 100100000}
  m_GameObject: {fileID: 138228}
  m_LocalRotation: {x: 0, y: 0, z: 0, w: 1}
  m_LocalPosition: {x: -1.85, y: 0, z: -6.31}
  m_LocalScale: {x: 1, y: 1, z: 1}
  m_Children: []
  m_Father: {fileID: 420562}
  m_RootOrder: 0
--- !u!4 &433698
Transform:
  m_ObjectHideFlags: 1
  m_PrefabParentObject: {fileID: 0}
  m_PrefabInternal: {fileID: 100100000}
  m_GameObject: {fileID: 192484}
  m_LocalRotation: {x: 0, y: 0, z: 0, w: 1}
  m_LocalPosition: {x: 60.9, y: 0, z: -5.9}
  m_LocalScale: {x: 1, y: 1, z: 1}
  m_Children: []
  m_Father: {fileID: 402120}
  m_RootOrder: 0
--- !u!4 &437132
Transform:
  m_ObjectHideFlags: 1
  m_PrefabParentObject: {fileID: 0}
  m_PrefabInternal: {fileID: 100100000}
  m_GameObject: {fileID: 152778}
  m_LocalRotation: {x: 0, y: 0.15338403, z: 0, w: 0.9881667}
  m_LocalPosition: {x: 232.2, y: 0, z: 95.5}
  m_LocalScale: {x: 1, y: 1, z: 1}
  m_Children: []
  m_Father: {fileID: 420562}
  m_RootOrder: 7
--- !u!4 &447128
Transform:
  m_ObjectHideFlags: 1
  m_PrefabParentObject: {fileID: 0}
  m_PrefabInternal: {fileID: 100100000}
  m_GameObject: {fileID: 164826}
  m_LocalRotation: {x: 0, y: 0.15338403, z: 0, w: 0.9881667}
  m_LocalPosition: {x: 232.31, y: 0, z: 95.86}
  m_LocalScale: {x: 1, y: 1, z: 1}
  m_Children: []
  m_Father: {fileID: 420562}
  m_RootOrder: 9
--- !u!4 &450406
Transform:
  m_ObjectHideFlags: 1
  m_PrefabParentObject: {fileID: 0}
  m_PrefabInternal: {fileID: 100100000}
  m_GameObject: {fileID: 130540}
  m_LocalRotation: {x: 0, y: 0.58503056, z: 0, w: 0.81101125}
  m_LocalPosition: {x: 251.9, y: 0, z: 239.8}
  m_LocalScale: {x: 1, y: 1, z: 1}
  m_Children: []
  m_Father: {fileID: 420562}
  m_RootOrder: 4
--- !u!4 &453474
Transform:
  m_ObjectHideFlags: 1
  m_PrefabParentObject: {fileID: 0}
  m_PrefabInternal: {fileID: 100100000}
  m_GameObject: {fileID: 136552}
  m_LocalRotation: {x: 0, y: 0.13917938, z: 0, w: 0.9902672}
  m_LocalPosition: {x: 220.6, y: 1.5, z: 70.09}
  m_LocalScale: {x: 1, y: 1, z: 1}
  m_Children: []
  m_Father: {fileID: 420562}
  m_RootOrder: 5
--- !u!4 &457274
Transform:
  m_ObjectHideFlags: 1
  m_PrefabParentObject: {fileID: 0}
  m_PrefabInternal: {fileID: 100100000}
  m_GameObject: {fileID: 172598}
  m_LocalRotation: {x: 0, y: 0, z: 0, w: 1}
  m_LocalPosition: {x: -1.85, y: 0, z: -6.31}
  m_LocalScale: {x: 1, y: 1, z: 1}
  m_Children: []
  m_Father: {fileID: 420562}
  m_RootOrder: 3
--- !u!4 &466552
Transform:
  m_ObjectHideFlags: 1
  m_PrefabParentObject: {fileID: 0}
  m_PrefabInternal: {fileID: 100100000}
  m_GameObject: {fileID: 154708}
  m_LocalRotation: {x: 0, y: 0.77588004, z: 0, w: 0.6308805}
  m_LocalPosition: {x: 181.88, y: 0, z: 200.51}
  m_LocalScale: {x: 1, y: 1, z: 1}
  m_Children: []
  m_Father: {fileID: 420562}
  m_RootOrder: 2
--- !u!4 &490634
Transform:
  m_ObjectHideFlags: 1
  m_PrefabParentObject: {fileID: 0}
  m_PrefabInternal: {fileID: 100100000}
  m_GameObject: {fileID: 123964}
  m_LocalRotation: {x: 0, y: 0.15338403, z: 0, w: 0.9881667}
  m_LocalPosition: {x: 204.17, y: 0, z: 7.44}
  m_LocalScale: {x: 1, y: 1, z: 1}
  m_Children: []
  m_Father: {fileID: 420562}
  m_RootOrder: 1
--- !u!4 &495712
Transform:
  m_ObjectHideFlags: 1
  m_PrefabParentObject: {fileID: 0}
  m_PrefabInternal: {fileID: 100100000}
  m_GameObject: {fileID: 169878}
  m_LocalRotation: {x: 0, y: 0.15338403, z: 0, w: 0.9881667}
  m_LocalPosition: {x: 221.97, y: 0, z: 63.38}
  m_LocalScale: {x: 1, y: 1, z: 1}
  m_Children: []
  m_Father: {fileID: 420562}
  m_RootOrder: 8
--- !u!65 &6528930
BoxCollider:
  m_ObjectHideFlags: 1
  m_PrefabParentObject: {fileID: 0}
  m_PrefabInternal: {fileID: 100100000}
  m_GameObject: {fileID: 136552}
  m_Material: {fileID: 0}
  m_IsTrigger: 1
  m_Enabled: 1
  serializedVersion: 2
  m_Size: {x: 40, y: 20, z: 1}
  m_Center: {x: 0, y: 0, z: 0}
--- !u!65 &6541262
BoxCollider:
  m_ObjectHideFlags: 1
  m_PrefabParentObject: {fileID: 0}
  m_PrefabInternal: {fileID: 100100000}
  m_GameObject: {fileID: 164826}
  m_Material: {fileID: 0}
  m_IsTrigger: 1
  m_Enabled: 1
  serializedVersion: 2
  m_Size: {x: 16.3, y: 9.42, z: 5.3}
  m_Center: {x: 0, y: 0, z: 0}
--- !u!65 &6547716
BoxCollider:
  m_ObjectHideFlags: 1
  m_PrefabParentObject: {fileID: 0}
  m_PrefabInternal: {fileID: 100100000}
  m_GameObject: {fileID: 130540}
  m_Material: {fileID: 0}
  m_IsTrigger: 1
  m_Enabled: 1
  serializedVersion: 2
  m_Size: {x: 16.3, y: 9.42, z: 1}
  m_Center: {x: 0, y: 0, z: 0}
--- !u!65 &6548960
BoxCollider:
  m_ObjectHideFlags: 1
  m_PrefabParentObject: {fileID: 0}
  m_PrefabInternal: {fileID: 100100000}
  m_GameObject: {fileID: 169878}
  m_Material: {fileID: 0}
  m_IsTrigger: 1
  m_Enabled: 1
  serializedVersion: 2
  m_Size: {x: 16.3, y: 9.42, z: 5.3}
  m_Center: {x: 0, y: 0, z: 0}
--- !u!65 &6570508
BoxCollider:
  m_ObjectHideFlags: 1
  m_PrefabParentObject: {fileID: 0}
  m_PrefabInternal: {fileID: 100100000}
  m_GameObject: {fileID: 161638}
  m_Material: {fileID: 0}
  m_IsTrigger: 1
  m_Enabled: 1
  serializedVersion: 2
  m_Size: {x: 16.3, y: 9.42, z: 5.3}
  m_Center: {x: 0, y: 0, z: 0}
--- !u!65 &6571310
BoxCollider:
  m_ObjectHideFlags: 1
  m_PrefabParentObject: {fileID: 0}
  m_PrefabInternal: {fileID: 100100000}
  m_GameObject: {fileID: 154708}
  m_Material: {fileID: 0}
  m_IsTrigger: 1
  m_Enabled: 1
  serializedVersion: 2
  m_Size: {x: 16.3, y: 9.42, z: 1}
  m_Center: {x: 0, y: 0, z: 0}
--- !u!65 &6575224
BoxCollider:
  m_ObjectHideFlags: 1
  m_PrefabParentObject: {fileID: 0}
  m_PrefabInternal: {fileID: 100100000}
  m_GameObject: {fileID: 138228}
  m_Material: {fileID: 0}
  m_IsTrigger: 1
  m_Enabled: 1
  serializedVersion: 2
  m_Size: {x: 16.3, y: 9.42, z: 1}
  m_Center: {x: 0, y: 0, z: 0}
--- !u!65 &6577340
BoxCollider:
  m_ObjectHideFlags: 1
  m_PrefabParentObject: {fileID: 0}
  m_PrefabInternal: {fileID: 100100000}
  m_GameObject: {fileID: 178318}
  m_Material: {fileID: 0}
  m_IsTrigger: 1
  m_Enabled: 1
  serializedVersion: 2
  m_Size: {x: 30.3, y: 17.86, z: 1}
  m_Center: {x: 0, y: 0, z: 0}
--- !u!65 &6580670
BoxCollider:
  m_ObjectHideFlags: 1
  m_PrefabParentObject: {fileID: 0}
  m_PrefabInternal: {fileID: 100100000}
  m_GameObject: {fileID: 172598}
  m_Material: {fileID: 0}
  m_IsTrigger: 1
  m_Enabled: 1
  serializedVersion: 2
  m_Size: {x: 16.3, y: 9.42, z: 1}
  m_Center: {x: 0, y: 0, z: 0}
--- !u!65 &6593164
BoxCollider:
  m_ObjectHideFlags: 1
  m_PrefabParentObject: {fileID: 0}
  m_PrefabInternal: {fileID: 100100000}
  m_GameObject: {fileID: 152778}
  m_Material: {fileID: 0}
  m_IsTrigger: 1
  m_Enabled: 1
  serializedVersion: 2
  m_Size: {x: 16.3, y: 9.42, z: 5.3}
  m_Center: {x: 0, y: 0, z: 0}
--- !u!65 &6594758
BoxCollider:
  m_ObjectHideFlags: 1
  m_PrefabParentObject: {fileID: 0}
  m_PrefabInternal: {fileID: 100100000}
  m_GameObject: {fileID: 123964}
  m_Material: {fileID: 0}
  m_IsTrigger: 1
  m_Enabled: 1
  serializedVersion: 2
  m_Size: {x: 16.3, y: 9.42, z: 5.3}
  m_Center: {x: 0, y: 0, z: 0}
--- !u!114 &11403532
MonoBehaviour:
  m_ObjectHideFlags: 1
  m_PrefabParentObject: {fileID: 0}
  m_PrefabInternal: {fileID: 100100000}
  m_GameObject: {fileID: 136552}
  m_Enabled: 1
  m_EditorHideFlags: 0
  m_Script: {fileID: 11500000, guid: 677f888d454b74662a6ac780006d502a, type: 3}
  m_Name: 
  m_EditorClassIdentifier: 
  duration: 2.5
--- !u!114 &11405084
MonoBehaviour:
  m_ObjectHideFlags: 1
  m_PrefabParentObject: {fileID: 0}
  m_PrefabInternal: {fileID: 100100000}
  m_GameObject: {fileID: 130540}
  m_Enabled: 1
  m_EditorHideFlags: 0
  m_Script: {fileID: 11500000, guid: 1ad3a810239244ab6ae409058b72c585, type: 3}
  m_Name: 
  m_EditorClassIdentifier: 
  type: 0
  torque: 2000
--- !u!114 &11414856
MonoBehaviour:
  m_ObjectHideFlags: 1
  m_PrefabParentObject: {fileID: 0}
  m_PrefabInternal: {fileID: 100100000}
  m_GameObject: {fileID: 172598}
  m_Enabled: 1
  m_EditorHideFlags: 0
  m_Script: {fileID: 11500000, guid: 1ad3a810239244ab6ae409058b72c585, type: 3}
  m_Name: 
  m_EditorClassIdentifier: 
  type: 0
  torque: 3000
--- !u!114 &11416720
MonoBehaviour:
  m_ObjectHideFlags: 1
  m_PrefabParentObject: {fileID: 0}
  m_PrefabInternal: {fileID: 100100000}
  m_GameObject: {fileID: 152778}
  m_Enabled: 1
  m_EditorHideFlags: 0
  m_Script: {fileID: 11500000, guid: 1ad3a810239244ab6ae409058b72c585, type: 3}
  m_Name: 
  m_EditorClassIdentifier: 
  type: 0
  torque: 1000
--- !u!114 &11420478
MonoBehaviour:
  m_ObjectHideFlags: 1
  m_PrefabParentObject: {fileID: 0}
  m_PrefabInternal: {fileID: 100100000}
  m_GameObject: {fileID: 164826}
  m_Enabled: 1
  m_EditorHideFlags: 0
  m_Script: {fileID: 11500000, guid: ffde009254b9f42d2b713e1562af3ef6, type: 3}
  m_Name: 
  m_EditorClassIdentifier: 
  type: 0
  speed: 20
--- !u!114 &11421392
MonoBehaviour:
  m_ObjectHideFlags: 1
  m_PrefabParentObject: {fileID: 0}
  m_PrefabInternal: {fileID: 100100000}
  m_GameObject: {fileID: 164826}
  m_Enabled: 1
  m_EditorHideFlags: 0
  m_Script: {fileID: 11500000, guid: 1ad3a810239244ab6ae409058b72c585, type: 3}
  m_Name: 
  m_EditorClassIdentifier: 
  type: 0
  torque: 1000
--- !u!114 &11422600
MonoBehaviour:
  m_ObjectHideFlags: 1
  m_PrefabParentObject: {fileID: 0}
  m_PrefabInternal: {fileID: 100100000}
  m_GameObject: {fileID: 169878}
  m_Enabled: 1
  m_EditorHideFlags: 0
  m_Script: {fileID: 11500000, guid: 1ad3a810239244ab6ae409058b72c585, type: 3}
  m_Name: 
  m_EditorClassIdentifier: 
  type: 2
  torque: 1000
--- !u!114 &11426158
MonoBehaviour:
  m_ObjectHideFlags: 1
  m_PrefabParentObject: {fileID: 0}
  m_PrefabInternal: {fileID: 100100000}
  m_GameObject: {fileID: 154708}
  m_Enabled: 1
  m_EditorHideFlags: 0
  m_Script: {fileID: 11500000, guid: 14cb3e74d581a4ac3aaa823792a98434, type: 3}
  m_Name: 
  m_EditorClassIdentifier: 
  brakeAmmount: 0
  duration: 1
--- !u!114 &11428832
MonoBehaviour:
  m_ObjectHideFlags: 1
  m_PrefabParentObject: {fileID: 0}
  m_PrefabInternal: {fileID: 100100000}
  m_GameObject: {fileID: 123964}
  m_Enabled: 1
  m_EditorHideFlags: 0
  m_Script: {fileID: 11500000, guid: 1ad3a810239244ab6ae409058b72c585, type: 3}
  m_Name: 
  m_EditorClassIdentifier: 
  type: 0
  torque: 1000
--- !u!114 &11440970
MonoBehaviour:
  m_ObjectHideFlags: 1
  m_PrefabParentObject: {fileID: 0}
  m_PrefabInternal: {fileID: 100100000}
  m_GameObject: {fileID: 138228}
  m_Enabled: 1
  m_EditorHideFlags: 0
  m_Script: {fileID: 11500000, guid: ffde009254b9f42d2b713e1562af3ef6, type: 3}
  m_Name: 
  m_EditorClassIdentifier: 
  type: 0
  speed: 100
--- !u!114 &11449824
MonoBehaviour:
  m_ObjectHideFlags: 1
  m_PrefabParentObject: {fileID: 0}
  m_PrefabInternal: {fileID: 100100000}
  m_GameObject: {fileID: 154708}
  m_Enabled: 1
  m_EditorHideFlags: 0
  m_Script: {fileID: 11500000, guid: ffde009254b9f42d2b713e1562af3ef6, type: 3}
  m_Name: 
  m_EditorClassIdentifier: 
  type: 0
  speed: 50
--- !u!114 &11451316
MonoBehaviour:
  m_ObjectHideFlags: 1
  m_PrefabParentObject: {fileID: 0}
  m_PrefabInternal: {fileID: 100100000}
  m_GameObject: {fileID: 123964}
  m_Enabled: 1
  m_EditorHideFlags: 0
  m_Script: {fileID: 11500000, guid: ffde009254b9f42d2b713e1562af3ef6, type: 3}
  m_Name: 
  m_EditorClassIdentifier: 
  type: 0
  speed: 20
--- !u!114 &11472654
MonoBehaviour:
  m_ObjectHideFlags: 1
  m_PrefabParentObject: {fileID: 0}
  m_PrefabInternal: {fileID: 100100000}
  m_GameObject: {fileID: 161638}
  m_Enabled: 1
  m_EditorHideFlags: 0
  m_Script: {fileID: 11500000, guid: ffde009254b9f42d2b713e1562af3ef6, type: 3}
  m_Name: 
  m_EditorClassIdentifier: 
  type: 2
  speed: 20
--- !u!114 &11474856
MonoBehaviour:
  m_ObjectHideFlags: 1
  m_PrefabParentObject: {fileID: 0}
  m_PrefabInternal: {fileID: 100100000}
  m_GameObject: {fileID: 161638}
  m_Enabled: 1
  m_EditorHideFlags: 0
  m_Script: {fileID: 11500000, guid: 1ad3a810239244ab6ae409058b72c585, type: 3}
  m_Name: 
  m_EditorClassIdentifier: 
  type: 2
  torque: 1000
--- !u!114 &11488330
MonoBehaviour:
  m_ObjectHideFlags: 1
  m_PrefabParentObject: {fileID: 0}
  m_PrefabInternal: {fileID: 100100000}
  m_GameObject: {fileID: 178318}
  m_Enabled: 1
  m_EditorHideFlags: 0
  m_Script: {fileID: 11500000, guid: 62f00ba54b08243b7a8c28b10ad79685, type: 3}
  m_Name: 
  m_EditorClassIdentifier: 
  target: {fileID: 433698}
--- !u!114 &11488508
MonoBehaviour:
  m_ObjectHideFlags: 1
  m_PrefabParentObject: {fileID: 0}
  m_PrefabInternal: {fileID: 100100000}
  m_GameObject: {fileID: 152778}
  m_Enabled: 1
  m_EditorHideFlags: 0
  m_Script: {fileID: 11500000, guid: ffde009254b9f42d2b713e1562af3ef6, type: 3}
  m_Name: 
  m_EditorClassIdentifier: 
  type: 0
  speed: 20
--- !u!114 &11495340
MonoBehaviour:
  m_ObjectHideFlags: 1
  m_PrefabParentObject: {fileID: 0}
  m_PrefabInternal: {fileID: 100100000}
  m_GameObject: {fileID: 169878}
  m_Enabled: 1
  m_EditorHideFlags: 0
  m_Script: {fileID: 11500000, guid: ffde009254b9f42d2b713e1562af3ef6, type: 3}
  m_Name: 
  m_EditorClassIdentifier: 
  type: 2
  speed: 20
--- !u!1001 &100100000
Prefab:
  m_ObjectHideFlags: 1
  serializedVersion: 2
  m_Modification:
    m_TransformParent: {fileID: 0}
    m_Modifications: []
    m_RemovedComponents: []
  m_ParentPrefab: {fileID: 0}
  m_RootGameObject: {fileID: 197712}
  m_IsPrefabParent: 1
